@techreport{hucka_2001b,
   Author = {Hucka, M. and Finney, A. and Sauro, H. M. and Bolouri, H.},
   Title = {Systems Biology Markup Language (SBML) Level 1: Structures and Facilities for Basic Model Definitions},
   Note = {Available on the Internet at http://www.sbml.org/},
   Year = {2001}
}


@article{hucka_2003,
   Author = {Hucka, M. and Finney, A. and Sauro, H. M. and Bolouri, H. and Doyle, J. C. and Kitano, H. and Arkin, A. P. and Bornstein, B. J. and Bray, D. and Cornish-Bowden, A. and Cuellar, A. A. and Dronov, S. and Gilles, E. D. and Ginkel, M. and Gor, V. and Goryanin, I. I. and Hedley, W. J. and Hodgman, T. C. and Hofmeyr, J.-H. and Hunter, P. J. and Juty, N. S. and Kasberger, J. L. and Kremling, A. and Kummer, U. and Le Novére, N. and Loew, L. M.  and Lucio, D. and Mendes, P. and Minch, E. and Mjolsness, E. D.  and Nakayama, Y. and Nelson, M. R. and Nielsen, P. F. and Sakurada, T. and Schaff, J. C. and Shapiro, B. E. and Shimizu, T. S.  and Spence, H. D.  and Stelling, J. and Takahashi, K. and Tomita, M. and Wagner, J. and Wang, J.},
   Title = {The Systems Biology Markup Language (SBML): A Medium for Representation and Exchange of Biochemical Network Models},
   Journal = {Bioinformatics},
   Volume = {19},
   Number = {4},
   Pages = {524-531},
   Date = {Mar 1},
   Year = {2003}
}


@article{finney_2003b,
   Author = {Finney, Andrew M. and Hucka, Michael},
   Title = {Systems biology markup language: Level 2 and beyond},
   Journal = {Biochemical Society Transactions},
   Volume = {31},
   Pages = {1472-1473},
   Date = {December 2003},
   URL = {http://www.biochemsoctrans.org/bst/031/1472/bst0311472.htm},
   Year = {2003}
}


@misc{bornstein_2004b,
   Author = {Bornstein, Benjamin J.},
   Title = {{LibSBML} {API} Reference Manual},
   Publisher = {Available on the Internet at \url{http://www.sbml.org/software/libsbml}},
   Note = {Available on the Internet at \url{http://www.sbml.org/software/libsbml}},
   URL = {http://www.sbml.org/software/libsbml},
   Year = {2004}
}


@misc{bornstein_2004,
   Author = {Bornstein, Benjamin J.},
   Title = {{LibSBML} Reference Manual},
   Publisher = {Available on the Internet at \url{http://www.sbml.org/software/libsbml}},
   Note = {Available on the Internet at \url{http://www.sbml.org/software/libsbml}},
   URL = {http://www.sbml.org/software/libsbml},
   Year = {2004}
}

@misc{ausbrooks_2001b,
   Author = {Ausbrooks, Ron  and Buswell, Stephen  and Dalmas, Stephane  and Devitt, Stan  and Diaz, Angel  and Hunter, Roger  and Smith, Bruce  and Soiffer, Neil  and Sutor, Robert  and Watt , Stephen},
   Title = {Mathematical Markup Language ({MathML}) Version 2.0 (Second Edition)  {W3C} Recommendation 21 {October} 2003},
   Publisher = {Available on the Internet at \url{http://www.w3.org/TR/MathML2/}},
   URL = {http://www.w3.org/TR/MathML2/},
   Year = {2001}
}
